@inproceedings{bahdanau2015neural,
  title={Neural Machine Translation by Jointly Learning to Align and Translate},
  author={Bahdanau, Dzmitry and Cho, Kyunghyun and Bengio, Yoshua},
  booktitle={Proceedings of the International Conference on Learning Representations (ICLR)},
  year={2015}
}

@inproceedings{lin2017structured,
  title={A Structured Self-Attentive Sentence Embedding},
  author={Lin, Zhouhan and Feng, Minwei and Santos, Cicero and Yu, Mo and Xiang, Bing and Zhou, Bowen and Bengio, Yoshua},
  booktitle={Proceedings of the International Conference on Learning Representations (ICLR)},
  year={2017}
}

@inproceedings{vaswani2017attention,
  title={Attention Is All You Need},
  author={Vaswani, Ashish and Shazeer, Noam and Parmar, Niki and Uszkoreit, Jakob and Jones, Llion and Gomez, Aidan N and Kaiser, ≈Åukasz and Polosukhin, Illia},
  booktitle={Advances in Neural Information Processing Systems},
  year={2017}
}

@article{jain2019attention,
  title={Attention is not Explanation},
  author={Jain, Sarthak and Wallace, Byron C.},
  journal={Proceedings of the 2019 Conference of the North American Chapter of the Association for Computational Linguistics},
  year={2019}
}
